@book{else:lim:2010,
  title = {Nagymama az almafán},
  author = {Mira Lobe},
  translator = {Anna Szentirmay},
  year = {2024},
  address = {Pagony Kiadó}
}
